@inproceedings{shmelkov2018good,
    title={How good is my GAN?},
    author={Shmelkov, Konstantin and Schmid, Cordelia and Alahari, Karteek},
    booktitle={Proceedings of the European Conference on Computer Vision (ECCV)},
    pages={213--229},
    year={2018}
}
@article{goodfellow2014generative,
    title={Generative adversarial nets},
    author={Goodfellow, Ian and Pouget-Abadie, Jean and Mirza, Mehdi and Xu, Bing and Warde-Farley, David and Ozair, Sherjil and Courville, Aaron and Bengio, Yoshua},
    journal={Advances in neural information processing systems},
    volume={27},
    year={2014}
}
@INPROCEEDINGS{8100115,
    author={Isola, Phillip and Zhu, Jun-Yan and Zhou, Tinghui and Efros, Alexei A.},
    booktitle={2017 IEEE Conference on Computer Vision and Pattern Recognition (CVPR)}, 
    title={Image-to-Image Translation with Conditional Adversarial Networks}, 
    year={2017},
    volume={},
    number={},
    pages={5967-5976},
    doi={10.1109/CVPR.2017.632}}
    @inproceedings{zhu2017unpaired,
    title={Unpaired image-to-image translation using cycle-consistent adversarial networks},
    author={Zhu, Jun-Yan and Park, Taesung and Isola, Phillip and Efros, Alexei A},
    booktitle={Proceedings of the IEEE international conference on computer vision},
    pages={2223--2232},
    year={2017}
}
@inproceedings{ledig2017photo,
    title={Photo-realistic single image super-resolution using a generative adversarial network},
    author={Ledig, Christian and Theis, Lucas and Husz{\'a}r, Ferenc and Caballero, Jose and Cunningham, Andrew and Acosta, Alejandro and Aitken, Andrew and Tejani, Alykhan and Totz, Johannes and Wang, Zehan and others},
    booktitle={Proceedings of the IEEE conference on computer vision and pattern recognition},
    pages={4681--4690},
    year={2017}
}
@article{karras2017progressive,
    title={Progressive growing of gans for improved quality, stability, and variation},
    author={Karras, Tero and Aila, Timo and Laine, Samuli and Lehtinen, Jaakko},
    journal={arXiv preprint arXiv:1710.10196},
    year={2017}
}
@inproceedings{zhang2017stackgan,
    title={Stackgan: Text to photo-realistic image synthesis with stacked generative adversarial networks},
    author={Zhang, Han and Xu, Tao and Li, Hongsheng and Zhang, Shaoting and Wang, Xiaogang and Huang, Xiaolei and Metaxas, Dimitris N},
    booktitle={Proceedings of the IEEE international conference on computer vision},
    pages={5907--5915},
    year={2017}
}
@article{article,
    author = {Cheng, Keyang and Tahir, Rabia and Eric, Lubamba and Li, Maozhen},
    year = {2020},
    month = {05},
    pages = {},
    title = {An analysis of generative adversarial networks and variants for image synthesis on MNIST dataset},
    volume = {79},
    journal = {Multimedia Tools and Applications},
    doi = {10.1007/s11042-019-08600-2}
}
@article{https://doi.org/10.48550/arxiv.1706.08500,
    doi = {10.48550/ARXIV.1706.08500},
    url = {https://arxiv.org/abs/1706.08500},
    author = {Heusel, Martin and Ramsauer, Hubert and Unterthiner, Thomas and Nessler, Bernhard and Hochreiter, Sepp},
    keywords = {Machine Learning (cs.LG), Machine Learning (stat.ML), FOS: Computer and information sciences, FOS: Computer and information sciences},
    title = {GANs Trained by a Two Time-Scale Update Rule Converge to a Local Nash Equilibrium},
    publisher = {arXiv},
    year = {2017},
    copyright = {arXiv.org perpetual, non-exclusive license}
}
@misc{https://doi.org/10.48550/arxiv.1911.07023,
  doi = {10.48550/ARXIV.1911.07023},
  url = {https://arxiv.org/abs/1911.07023},
  author = {Chong, Min Jin and Forsyth, David},
  keywords = {Computer Vision and Pattern Recognition (cs.CV), Machine Learning (cs.LG), FOS: Computer and information sciences, FOS: Computer and information sciences},
  title = {Effectively Unbiased FID and Inception Score and where to find them},
  publisher = {arXiv},
  year = {2019},
  copyright = {arXiv.org perpetual, non-exclusive license}
}
@article{lecun1998gradient,
  title={Gradient-based learning applied to document recognition},
  author={LeCun, Yann and Bottou, L{\'e}on and Bengio, Yoshua and Haffner, Patrick},
  journal={Proceedings of the IEEE},
  volume={86},
  number={11},
  pages={2278--2324},
  year={1998},
  publisher={Ieee}
}
@article{krizhevsky2009learning,
  title={Learning multiple layers of features from tiny images},
  author={Krizhevsky, Alex and Hinton, Geoffrey and others},
  year={2009},
  publisher={Citeseer}
}
@inproceedings{deng2009imagenet,
  title={Imagenet: A large-scale hierarchical image database},
  author={Deng, Jia and Dong, Wei and Socher, Richard and Li, Li-Jia and Li, Kai and Fei-Fei, Li},
  booktitle={2009 IEEE conference on computer vision and pattern recognition},
  pages={248--255},
  year={2009},
  organization={Ieee}
}
@article{radford2015unsupervised,
  title={Unsupervised representation learning with deep convolutional generative adversarial networks},
  author={Radford, Alec and Metz, Luke and Chintala, Soumith},
  journal={arXiv preprint arXiv:1511.06434},
  year={2015}
}
@article{salimans2017pixelcnn++,
  title={Pixelcnn++: Improving the pixelcnn with discretized logistic mixture likelihood and other modifications},
  author={Salimans, Tim and Karpathy, Andrej and Chen, Xi and Kingma, Diederik P},
  journal={arXiv preprint arXiv:1701.05517},
  year={2017}
}
